@article {Remacle:2012:blossom-quad,
author = {Remacle, J.-F. and Lambrechts, J. and Seny, B. and Marchandise, E. and Johnen, A. and â€‰Geuzainet, C.},
title = {Blossom-{Q}uad: A non-uniform quadrilateral mesh generator using a minimum-cost perfect-matching algorithm},
journal = {International Journal for Numerical Methods in Engineering},
volume = {89},
number = {9},
publisher = {John Wiley & Sons, Ltd},
issn = {1097-0207},
doi = {10.1002/nme.3279},
pages = {1102--1119},
keywords = {quadrilateral meshing, surface remeshing, graph theory, optimization, perfect matching},
year = {2012}
}

@article{Rebay:1993:unstructured-triangle,
title = "Efficient Unstructured Mesh Generation by Means of Delaunay Triangulation and {B}owyer--{W}atson Algorithm",
journal = "Journal of Computational Physics",
volume = "106",
number = "1",
pages = "125 - 138",
year = "1993",
note = "",
issn = "0021-9991",
doi = "10.1006/jcph.1993.1097",
author = "S. Rebay"
}

@book{Shewchuk:2012:Delaunay-notes,
title={Lecture Notes on Delaunay Mesh Generation},
author={Jonathan Richard Shewchuk},
year={2012},
}

@article{Giuliani:1982:quad-smoothing,
title = "An algorithm for continuous rezoning of the hydrodynamic grid in Arbitrary Lagrangian-Eulerian computer codes",
journal = "Nuclear Engineering and Design",
volume = "72",
number = "2",
pages = "205 - 212",
year = "1982",
note = "",
issn = "0029-5493",
doi = "10.1016/0029-5493(82)90216-3",
author = "S. Giuliani",
}


@ARTICLE{BursteddeWilcoxGhattas11,
  author = {Carsten Burstedde and Lucas C. Wilcox and Omar Ghattas},
  title = {{\texttt{p4est}}: Scalable Algorithms for Parallel Adaptive Mesh
           Refinement on Forests of Octrees},
  journal = {SIAM Journal on Scientific Computing},
  volume = {33},
  number = {3},
  pages = {1103-1133},
  year = {2011},
  doi = {10.1137/100791634}
}
 
@ARTICLE{IsaacBursteddeWilcoxEtAl15,
  author = {Tobin Isaac and Carsten Burstedde and Lucas C. Wilcox and Omar Ghattas},
  title = {Recursive algorithms for distributed forests of octrees},
  journal = {SIAM Journal on Scientific Computing},
  volume = {37},
  number = {5},
  pages = {C497--C531},
  year = {2015},
  doi = {10.1137/140970963}
}
